@book{handy2003planning,
  title={Planning for street connectivity: getting from here to there},
  author={Handy, Susan and Paterson, Robert G and Butler, Kent},
  number={PAS Report No. 515},
  year={2003}
}
